%001 Patel's article about tracking the cheetah tail, bradley stocks thesis.
@article{patel2017trackingieee,
  title={Tracking the Cheetah Tail Using Animal-Borne Cameras, GPS, and an IMU},
  author={Patel, Amir and Stocks, Bradley and Fisher, Callen and Nicolls, Fred and Boje, Edward},
  journal={IEEE Sensors Letters},
  volume={1},
  number={4},
  pages={1--4},
  year={2017},
  publisher={IEEE}
}

%002 strapping cameras to falcons
@article{kane2014falcons,
  title={Falcons pursue prey using visual motion cues: new perspectives from animal-borne cameras},
  author={Kane, Suzanne Amador and Zamani, Marjon},
  journal={Journal of Experimental Biology},
  volume={217},
  number={2},
  pages={225--234},
  year={2014},
  publisher={The Company of Biologists Ltd}
}


%003 strapping cameras and stuff to dolphins
@article{pearson2017testing,
  title={Testing and deployment of C-VISS (cetacean-borne video camera and integrated sensor system) on wild dolphins},
  author={Pearson, Heidi C and Jones, Peter W and Srinivasan, Mridula and Lundquist, David and Pearson, Christopher J and Stockin, Karen A and Machovsky-Capuska, Gabriel E},
  journal={Marine Biology},
  volume={164},
  number={3},
  pages={42},
  year={2017},
  publisher={Springer}
}

%004 i gotta update this still
@mastersthesis{stocks,
  title={cheetah tracking thing},
  author={brad stocks},
  year={2014},
  school={UCT}
}


%005 survey of external human modelling using vision.
@article{chen2013survey,
  title={A survey of human motion analysis using depth imagery},
  author={Chen, Lulu and Wei, Hong and Ferryman, James},
  journal={Pattern Recognition Letters},
  volume={34},
  number={15},
  pages={1995--2006},
  year={2013},
  publisher={Elsevier}
}



