@comment{x-kbibtex-personnameformatting=<%l><, %f>}

@comment{=== Introduction and Literature Review ===}
@Book{cornwell2003hitler,
  author 			  = {Cornwell, John},
  title 			  = {Hitler's scientists : science, war, and the devil's pact},
  publisher		  = {Viking},
  year 				  = {2003},
  address 		  = {New York},
  isbn 				  = {0670030759},
}

@Book{schefter1999the,
  author 			  = {Schefter, James},
  title 			  = {The race : the uncensored story of how America beat Russia to the moon},
  publisher 	  = {Doubleday},
  year 				  = {1999},
  address			  = {New York},
  isbn 				  = {0385492537},
}

@Misc{williamharwood2009,
  author       	= {William Harwood},
  title        	= {STS-129/ISS-ULF3 Quick-Look Data},
  url 					= {http://www.cbsnews.com/network/news/space/129/129quicklook2.pdf},
  month        	= {Oct},
  year         	= {2009},
  urldate 			= {2016-07-23},
}

@Misc{opencuriosity2014,
  author       	= {{OpenCuriosity}},
  title        	= {Space Apps Challeng: OpenCuriosity},
  url 					= {https://2014.spaceappschallenge.org/project/opencuriosity-follow-you-curiosity-open-your-mind/},
  year         	= {2014},
  urldate 			= {2016-11-12},
}


@Misc{gwebster_2012,
  author       	= {Guy Webster},
  title        	= {NASA Mars Rover Team Aims for Landing Closer to Prime Science Site},
  url 					= {http://www.nasa.gov/mission_pages/msl/news/msl20120611.html},
  month        	= {Nov},
  year         	= {2012},
  urldate 			= {2016-07-23},
}

@Misc{spacex_popularmechanics,
  author 				= {Rand Simberg},
  title 				= {Elon Musk on SpaceX's Reusable Rocket Plans},
  editor 				= {Popular Mechanics},
  month 				= {February},
  year 					= {2012},
  url 					= {http://www.popularmechanics.com/space/rockets/a7446/elon-musk-on-spacexs-reusable-rocket-plans-6653023/},
  urldate 			= {2016-07-23},
}

@book{compton1983living,
  title					= {Living and working in space: a history of Skylab},
  author				= {Compton, W.D. and Benson, C.D.},
  lccn					= {lc81022424},
  series				= {NASA SP},
  url						= {https://books.google.co.za/books?id=Qpax6JcVyG8C},
  year					= {1983},
  publisher			= {Scientific and Technical Information Branch, National Aeronautics and Space Administration},
  urldate 			= {2016-07-23},
}

@misc{nasaresearch,
  author 				= {{NASA}},
  title 				= {Fields of Research},
  month 				= {March},
  year 					= {2008},
  url						= {https://web.archive.org/web/20080123150641/http://pdlprod3.hosc.msfc.nasa.gov/A-fieldsresearch/index.html},
  urldate 			= {2016-07-23},
}

@book{nasa2010act,
  author				= {{National Aeronautics and Space Administration}},
  title					= {Authorization Act of 2010},
  year					= {2010},
}

@misc{marsprogram2008,
  author				= {Stuart Robbins},
  title					= {Journey Through the Galaxy: Mars Program},
  year					= {2008},
  url						= {http://jtgnew.sjrdesign.net/exploration_space_planetary_mars.html},
  urldate 			= {2016-07-23},
}

@misc{pathfindersojournerjpl,
  author				= {Jon Nelson},
  title					= {Mars Pathfinder / Sojourner Rover},
  year					= {2000},
  url						= {http://www.jpl.nasa.gov/missions/details.php?id=5913},
  urldate 			= {2016-07-23},
}

@misc{mslfactsJPL2014,
  author 				= {{NASA}},
  title 				= {Mars Science Laboratory/Curiosity},
  note					= "{J}PL 400-1537",
  month 				= {March},
  year 					= {2014},
  url						= {https://web.archive.org/web/20080123150641/http://pdlprod3.hosc.msfc.nasa.gov/A-fieldsresearch/index.html},
  urldate 			= {2016-07-25},
}

@misc{meptheme,
  author				= {{JPL}},
  title					= {NASA's Mars Exploration Program's Science Theme},
  url						= {http://mars.jpl.nasa.gov/programmissions/science/},
  urldate				= {2016-07-25},
}

@misc{harwood2014sfn,
  author				= {William Harwood},
  title					= {Mars Science Laboratory begins cruise to red planet},
  year					= {2011},
  month					= {November},
  url						= {http://spaceflightnow.com/atlas/av028/},
  urldate				= {2016-07-25},
}

@techreport{martinmur,
  author       	= {Tomas J. Martin-Mur and Gerhard L. Kruizinga and P. Daniel Burkhart and Mau C. Wong and Fernando Abilleira},
  title        	= {Mars Science Laboratory Navigation Results},
  institution  	= {Jet Propulsion Laboratory},
  year         	= 2012,
  address      	= {California Institute of Technology, 4800 Oak Grove Drive, Pasadena, CA 91109, USA},
  url						= {http://issfd.org/ISSFD_2012/ISSFD23_IN1_1.pdf},
  urldate				= {2016-07-25},
}

@misc{mslobjectivesjpl,
  author				= {{JPL}},
  title					= {Mars Science Laboratory: Mission Objectives},
  url						= {http://mars.jpl.nasa.gov/msl/mission/science/objectives/},
  urldate				= {2016-07-25},
}

@misc{planetary2011,
  author				= {Emily Lakdawalla},
  title					= {Curiosity in context: Not exactly "{V}iking on wheels," but close},
  year					= {2011},
  month					= {November},
  url						= {http://www.planetary.org/blogs/emily-lakdawalla/2011/3271.html},
  urldate				= {2016-07-30},
}

@misc{planetary2014,
  author				= {Emily Lakdawalla},
  title					= {Curiosity wheel damage: {T}he problem and solutions},
  year					= {2014},
  month					= {August},
  url						= {http://www.planetary.org/blogs/emily-lakdawalla/2014/08190630-curiosity-wheel-damage.html},
  urldate				= {2016-08-03},
}

@book{nasajulypresskit,
  author				= {{National Aeronautics and Space Administration}},
  title					= {Mars Science Laboratory Landing},
  url						= {http://www.jpl.nasa.gov/news/press_kits/MSLLanding.pdf},
  urldate				= {2016-07-31},
  year					= {2012},
}

@misc{msllegsandwheels,
  author				= {{JPL}},
  title					= {Mars {S}cience {L}aboratory: Curiosity Wheels and Legs},
  url						= {http://mars.jpl.nasa.gov/msl/mission/rover/wheelslegs/},
  urldate				= {2016-08-14},
}

@misc{cnn2012milesoff,
  author				= {Jason Hanna},
  title					= {'Impressive' {C}uriosity landing only 1.5 miles off, {NASA} says},
  year					= {2012},
  month					= {August},
  url						= {http://edition.cnn.com/2012/08/10/us/mars-curiosity/index.html?eref=mrss_igoogle_cnn},
  urldate				= {2016-08-14},
}

@misc{extremetech2012insidecuriosity,
  author				= {Sebastian Anthony},
  title					= {Inside NASA’s {C}uriosity: It’s an {A}pple {A}irport {E}xtreme… with wheels},
  year					= {2012},
  month					= {August},
  url						= {http://www.extremetech.com/extreme/134041-inside-nasas-curiosity-its-an-apple-airport-extreme-with-wheels},
  urldate				= {2016-08-21},
}

@misc{electronicsdesign2011vxworks,
  author				= {William Wong},
  title					= {Vx{W}orks goes 64-bit},
  year					= {2011},
  month					= {March},
  url						= {http://electronicdesign.com/embedded/vxworks-goes-64-bit},
  urldate				= {2016-08-21},
}

@misc{jpldsnabout,
  author				= {{JPL}},
  title					= {DSN: About},
  url						= {http://deepspace.jpl.nasa.gov/about/#},
  urldate				= {2016-08-21},
}

@techreport{jpltelecom,
  author       	= {Andre Makovsky and Peter Ilott and Jim Taylor},
  title        	= {Mars Science Laboratory Telecommunications System Design},
  institution  	= {Jet Propulsion Laboratory},
  year         	= 2009,
  address      	= {Pasadena, California},
  month        	= 11,
  url						= {http://descanso.jpl.nasa.gov/DPSummary/Descanso14_MSL_Telecom.pdf},
  urldate				= {2016-08-21},
}

@misc{mslsciencecornermastcam,
  author				= {{JPL}},
  title					= {{MSL} Science Corner: Mast Camera (Mastcam)},
  url						= {http://msl-scicorner.jpl.nasa.gov/Instruments/Mastcam/},
  urldate				= {2016-08-21},
}

@misc{mslsciencecornerchemcam,
  author				= {{JPL}},
  title					= {{MSL} Science Corner: Chemistry and Camera (ChemCam)},
  url						= {http://msl-scicorner.jpl.nasa.gov/Instruments/ChemCam/},
  urldate				= {2016-08-21},
}

@misc{mslsciencecornerapxs,
  author				= {{JPL}},
  title					= {{MSL} Science Corner: Alpha Particle X-ray Spectrometer (APXS)},
  url						= {http://msl-scicorner.jpl.nasa.gov/Instruments/APXS/},
  urldate				= {2016-08-21},
}

@misc{mslsciencecornermahli,
  author				= {{JPL}},
  title					= {{MSL} Science Corner: Mars Hand Lens Imager (MAHLI)},
  url						= {http://msl-scicorner.jpl.nasa.gov/Instruments/MAHLI/},
  urldate				= {2016-08-21},
}

@misc{mslsciencecornerchemin,
  author				= {{JPL}},
  title					= {{MSL} Science Corner: Chemistry and Mineralogy ({CheMin})},
  url						= {http://msl-scicorner.jpl.nasa.gov/Instruments/MAHLI/},
  urldate				= {2016-08-21},
}

@misc{mslsciencecornersam,
  author				= {{JPL}},
  title					= {{MSL} Science Corner: Sample Analysis at Mars (SAM)},
  url						= {http://msl-scicorner.jpl.nasa.gov/Instruments/SAM/},
  urldate				= {2016-08-21},
}

@misc{mslsciencecornerrad,
  author				= {{JPL}},
  title					= {{MSL} Science Corner: Radiation Assessment Detector (RAD)},
  url						= {http://msl-scicorner.jpl.nasa.gov/Instruments/RAD/},
  urldate				= {2016-08-21},
}

@misc{mslsciencecornerdan,
  author				= {{JPL}},
  title					= {{MSL} Science Corner: Dynamic Albedo of Neutrons (DAN)},
  url						= {http://msl-scicorner.jpl.nasa.gov/Instruments/DAN/},
  urldate				= {2016-08-21},
}

@misc{mslsciencecornerrems,
  author				= {{JPL}},
  title					= {{MSL} Science Corner: Rover Environmental Monitoring Station (REMS)},
  url						= {http://msl-scicorner.jpl.nasa.gov/Instruments/REMS/},
  urldate				= {2016-08-21},
}

@misc{mslsciencecornermardi,
  author				= {{JPL}},
  title					= {{MSL} Science Corner: Mars Descent Imager (MARDI)},
  url						= {http://msl-scicorner.jpl.nasa.gov/Instruments/MARDI/},
  urldate				= {2016-08-21},
}

@misc{inlgovfuelingcuriosity,
  author				= {{Idaho National Laboratory}},
  title					= {Fueling the {M}ars {S}cience {L}aboratory},
  url						= {http://www4vip.inl.gov/research/mars-science-laboratory/d/mars-science-laboratory.pdf},
  urldate				= {2016-08-21},
}

@misc{srpsmmrtg,
  author				= {{Space Radioisotope Power Systems}},
  title					= {Multi-Mission Radioisotope Thermoelectric Generator},
  year					= {2008},
  month					= {January},
  url						= {http://mars.jpl.nasa.gov/msl//files/mep/MMRTG_Jan2008.pdf},
  urldate				= {2016-08-21},
}

@INPROCEEDINGS{soseroverdrivingtools,
  author={J. R. Wright and F. Hartman and S. Maxwell and B. Cooper and J. Yen},
  booktitle={System of Systems Engineering (SoSE), 2013 8th International Conference on},
  title={Updates to the rover driving tools for Curiosity},
  year={2013},
  pages={147-152},
  keywords={Mars;astronomy computing;data visualisation;planetary rovers;MSL mission;Mars Science Laboratory rover curiosity;RSVP tool suite;command sequences;in-house research projects;rover driving tools;rover sequencing and visualization program;Cameras;Computational modeling;Databases;Load modeling;Software;Timing;Visualization;Mars Science Laboratory;in-situ exploration;rover},
  doi={10.1109/SYSoSE.2013.6575258},
  month={June},
}

@article{cooper1998driving,
  title={Driving on the surface of Mars using the Rover Control Workstation},
  author={Cooper, B},
  journal={Proceedings of SpaceOps 1998},
  year={1998},
  publisher={Citeseer}
}

@techreport{nasatechbrief2013rsvp,
  author       	= {{JPL}},
  title        	= {Robot Sequencing and Visualization Program (RSVP)},
  institution  	= {Jet Propulsion Laboratory},
  year         	= 2013,
  address      	= {Pasadena, California},
  month        	= 9,
  url						= {http://ntrs.nasa.gov/archive/nasa/casi.ntrs.nasa.gov/20140001459.pdf},
  urldate				= {2016-08-21},
}

@article{1_wright_hartman_cooper_maxwell_yen_morrison_2006,
  author={Wright, J. and Hartman, F. and Cooper, B. and Maxwell, S. and Yen, J. and Morrison, J.},
  title={Driving on Mars with RSVP},
  volume={13},
  DOI={10.1109/mra.2006.1638014},
  number={2},
  journal={IEEE Robotics and Automation Magazine},
  year={2006},
  pages={37-45}
}

@misc{mit2001opencourseware,
  author				= {{MIT}},
  title					= {MIT to make nearly all course materials available free on the World Wide Web},
  year					= {2001},
  month					= {April},
  url						= {http://news.mit.edu/2001/ocw},
  urldate				= {2016-08-22},
}

@misc{2_monago_2014,
  author={Monago, Adam},
  title={The Culture of Open Source},
  url={https://www.thoughtworks.com/insights/blog/culture-open-source},
  urldate={2016-8-22},
  journal={ThoughtWorks},
  year={2014}
}

@comment{=== Conceptual Designs ===}
@misc{mouserbeaglebone_2016,
  author				= {{Mouser}},
  title					= {Beaglebone Black vs. Beaglebone Green vs. Beaglebone Green Wireless},
  url						= {http://www.mouser.co.za/new/seeedstudio/beaglebone-black-vs-green/},
  urldate				= {2016-09-15},
}

@misc{fibreGlast_2016,
  author				= {jyoung},
  title					= {Carbon Fiber vs Fiberglass},
  url						= {http://blog.fibreglast.com/fiberglass/carbon-fiber-vs-fiberglass/},
  urldate				= {2016-09-10},
}

@misc{intelEdison_2016,
  author				= {{Intel}},
  title					= {Intel® Edison Development Platform},
  url						= {https://cdn-shop.adafruit.com/datasheets/EdisonDatasheet.pdf},
  urldate				= {2016-11-13},
}

@misc{intelGalileo_2016,
  author				= {{Intel}},
  title					= {Intel® Galileo Gen 2 Development Board},
  url						= {http://www.intel.com/content/www/us/en/embedded/products/galileo/galileo-g2-datasheet.html},
  urldate				= {2016-11-13},
}

@comment{=== Detailed Designs ===}
@misc{roverThermal_2016,
  author				= {Kieth Novak and Steven Hendricks and Chern-Jiin Lee and Carlos Orrala},
  title					= {Mars Science Laboratory: Rover Actuator Thermal Design},
  month					= {March},
  year					= {2008},
  url						= {http://trs-new.jpl.nasa.gov/dspace/bitstream/2014/41421/1/08-0699.pdf},
  urldate				= {2016-09-22},
}

@misc{nasa3Dprint,
  author				= {{NASA Jet Propulsion Laboratory}},
  title					= {Curiosity Rover},
  year					= {2015},
  month					= {August},
  url						= {http://nasa3d.arc.nasa.gov/detail/mars-rover-curiosity},
  urldate				= {2016-09-22},
}

@misc{makerbotStrength,
  author				= {{MakerBot}},
  title					= {PLA and ABS Strength Data},
  url						= {https://eu.makerbot.com/fileadmin/Inhalte/Support/Datenblatt/MakerBot_R__PLA_and_ABS_Strength_Data.pdf},
  urldate				= {2016-09-24},
}

@comment{=== Software Design ===}
@misc{w3techs_Oct2016,
  author				= {{W3Techs}},
  title					= {Usage of operating systems for websites},
  year					= {2016},
  month					= {October},
  url						= {https://w3techs.com/technologies/overview/operating_system/all},
  urldate				= {2016-10-09},
}

@misc{nodeusers_2016,
  author				= {Conor Curran},
  title					= {Projects, Applications, and Companies Using Node},
  year					= {2016},
  month					= {January},
  url						= {https://github.com/nodejs/node/wiki/Projects,-Applications,-and-Companies-Using-Node},
  urldate				= {2016-10-09},
}

@misc{driesbuytaert_2016,
  author				= {Dries Buytaert},
  title					= {A history of JavaScript across the stack},
  year					= {2016},
  month					= {February},
  url						= {http://buytaert.net/a-history-of-javascript-across-the-stack},
  urldate				= {2016-10-09},
}

@misc{nodejsSurvey_2016,
  author				= {{The Linux Foundation}},
  title					= {2016 User Survey Report},
  year					= {2016},
  month					= {April},
  url						= {https://nodejs.org/static/documents/2016-survey-report.pdf},
  urldate				= {2016-10-10},
}

@misc{nodejsSpaceSuit_2016,
  author				= {{Node.js}},
  title					= {Node.js Helps NASA Keep Astronauts Safe and Data Accessible},
  url						= {https://nodejs.org/static/documents/casestudies/Node_CaseStudy_Nasa_FNL.pdf},
  urldate				= {2016-10-10},
}

@misc{jeffSmith_2016,
  author				= {Jeff Smith},
  title					= {Desktop Applications Vs. Web Applications},
  url						= {http://www.streetdirectory.com/travel_guide/114448/programming/desktop_applications_vs_web_applications.html},
  urldate				= {2016-10-11},
}

@misc{samShabaan_2016,
  author				= {Sam Shaaban},
  title					= {Web-Based vs “Desktop” Software},
  url						= {http://nurelm.com/web-based-vs-desktop-software/},
  urldate				= {2016-10-11},
}

@misc{websocket_2016,
  author				= {Peter Lubbers and Frank Greco},
  title					= {HTML5 WebSocket: A Quantum Leap in Scalability for the Web},
  url						= {http://www.websocket.org/quantum.html},
  urldate				= {2016-10-11},
}

@misc{kurentoDocsMediaServer_2016,
  author				= {{Kurento.org}},
  title					= {Kurento Media Server},
  url						= {http://doc-kurento.readthedocs.io/en/stable/introducing_kurento.html#kurento-media-server},
  urldate				= {2016-10-27},
}




@comment{=== Figures ===}

@misc{fig:mslSpacecraftExplodedView_cite,
  author				= {{JPL}},
  title					= {Cruise Configuration},
  url						= {http://mars.nasa.gov/msl/mission/spacecraft/cruiseconfig/},
  urldate				= {2016-07-25},
}

@misc{fig:litreview-telecomsstructure_cite,
  author				= {{NASA/JPL-Caltech}},
  title					= {PIA16106: Curiosity Speaks and Orbiters Listen},
  url						= {http://photojournal.jpl.nasa.gov/catalog/PIA16106},
  urldate				= {2016-08-21},
}

@misc{fig:litreview-litreview-hyperdrivecrop_cite,
  author				= {{JPL}},
  title					= {A view of the rover and terrain in HyperDrive.},
  url						= {https://www-robotics.jpl.nasa.gov/images/RSVP-cropped.jpg},
  urldate				= {2016-08-21},
}

@misc{fig:litreview-rose_cite,
  author				= {{JPL}},
  title					= {RoSE Command Editor (Blurring due to ITAR Restrictions)},
  url						= {http://www.linuxjournal.com/files/linuxjournal.com/linuxjournal/articles/075/7570/7570f1.jpg},
  urldate				= {2016-08-21},
}

@misc{nasa3D,
  author				= {Brian Kumanchik and {NASA/JPL-Caltech}},
  title					= {Curiosity (Clean)},
  url						= {http://nasa3d.arc.nasa.gov/detail/curiosity-clean},
  urldate				= {2016-09-20},
}

@misc{fig:concepts-servoMotorExample_cite,
  author				= {{Tilzor}},
  title					= {Library 42- Control RC servo with STM32F4},
  url						= {http://stm32f4-discovery.net/2014/10/library-42-control-rc-servo-stm32f4/},
  urldate				= {2016-09-20},
}

@misc{fig:mechDesign-suspensionReferences1_cite,
  author				= {{JPL}},
  title					= {MSL Mobility Assembly Lift Mishap},
  url						= {http://llis.nasa.gov/lesson/6216},
  urldate				= {2016-09-23},
}

@misc{fig:mechDesign-suspensionReferences2_cite,
  author				= {Mona Lalwani},
  title					= {NASA is building the next Mars rover in mixed reality},
  url						= {https://www.engadget.com/2016/05/23/nasa-hololens-mars-rover-in-mixed-reality/},
  urldate				= {2016-09-23},
}

@misc{fig:softDesign-nodeEventLoop_cite1,
  author				= {Eugene Obrezkov},
  title					= {Why NodeJS is so fast?},
  url						= {https://blog.ghaiklor.com/why-nodejs-is-so-fast-a0ff67858f48#.gsdpyq91f},
  urldate				= {2016-10-10},
}

@misc{fig:softDesign-nodeEventLoop_cite2,
  author				= {Abdel Raoof},
  title					= {Understanding the Node.js event loop},
  url						= {http://abdelraoof.com/blog/2015/10/28/understanding-nodejs-event-loop/},
  urldate				= {2016-10-10},
}

@misc{fig:softDesign-sysfsExample_cite1,
  author				= {{Intel}},
  title					= {Schematics for the Intel® Edison Board for Arduino},
  url						= {http://www.intel.com/content/www/us/en/support/boards-and-kits/000005829.html},
  urldate				= {2016-10-10},
}

@misc{fig:softDesign-sysfsExample_cite2,
  author				= {{Kernel.org}},
  title					= {GPIO Sysfs Interface for Userspace},
  url						= {https://www.kernel.org/doc/Documentation/gpio/sysfs.txt},
  urldate				= {2016-10-10},
}

@misc{fig:softDesign-webRTCArch_cite,
  author				= {{WebRTC}},
  title					= {WebRTC: Architecture},
  url						= {https://webrtc.org/architecture/},
  urldate				= {2016-10-17},
}

@misc{fig:openCuriosityRover_cite,
  author				= {{OpenCuriosity}},
  title					= {The OpenCuriosity Rover},
  url						= {https://github.com/luismartinnuez/OpenCuriosity},
  urldate				= {2016-11-12},
}

@misc{fig:concepts-hcsr04_cite,
  author				= {{Deal Extreme}},
  title					= {HC-SR04 Ultrasonic Sensor Distance Measuring Module - Blue},
  url						= {http://img.dxcdn.com/productimages/sku_133696_3.jpg},
  urldate				= {2016-11-12},
}

@misc{fig:concepts-sharpIR_cite,
  author				= {{Digipak}},
  title					= {Infrared Proximity Sensor – Sharp GP2Y0A21},
  url						= {http://digipak.org/?product=infrared-proximity-sensor-sharp-gp2y0a21__sku-355},
  urldate				= {2016-11-12},
}

@misc{fig:concepts-lidarlite3_cite,
  author				= {{RobotShop}},
  title					= {LIDAR-Lite 3 Laser Rangefinder},
  url						= {http://www.robotshop.com/en/lidar-lite-3-laser-rangefinder.html},
  urldate				= {2016-11-12},
}






@inproceedings{McEwan1,
	added-at = "2012-05-11T00:00:00.000+0200",
	author = "McEwan, Alistair Lee and Holder, David S. and Tapson, Jonathan and van Schaik, Andr{\'e}",
	booktitle = "{BIODEVICES (2)}",
	crossref = "conf/biostec/2008bd2",
	editor = "Filho, Teodiano Freire Bastos and Gamboa, Hugo",
	interhash = "55ded3427d2d0554cc198175212eba01",
	intrahash = "6e825923b1f3b50bc7c49a4e6ce0bb79",
	keywords = "dblp",
	note = "978-989-8111-17-3",
	pages = "196--203",
	publisher = "INSTICC - Institute for Systems and Technologies of Information, Control and Communication",
	title = "{Wide-Bandwidth, High Frame Rate Electrical Impedance Tomography / Spectroscopy - a Code Division Multiplexing (CDM) Approach.}",
	x-fetchedfrom = "Bibsonomy",
	year = "2008"
}

@article{wilkinson,
	author = "Wilkinson, A.J. and Randall, E.W. and Cilliers, J.J. and Durrett, D.R. and Naidoo, T. and Long, T.",
	doi = "10.1109/JSEN.2004.842445",
	issn = "1530-437X",
	journal = "Sensors Journal, IEEE",
	keywords = "Newton-Raphson method; calibration; data acquisition; data visualisation; electric impedance imaging; image reconstruction; real-time systems; tomography; ERT data capture system; aeration systems; capture rates; current pulse measuring system; electrical resistance tomography system; gas distribution; measuring tank; nonuniform slurries; parallel data acquisition; real ime visualization; reconstruct algorithm; single iteration Newton-Raphson method; switched dc current pulse technique; Calibration; Current measurement; Data acquisition; Data visualization; Electric resistance; Instruments; Newton method; Pulse measurements; Real time systems; Tomography; Calibration; current pulse; electrical resistance tomography (ERT); high speed",
	month = "April",
	number = "2",
	pages = "300--307",
	title = "{A 1000-measurement frames/second ERT data capture system with real-time visualization}",
	volume = "5",
	year = "2005"
}

@phdthesis{teague,
	author = "Teague, G.",
	institution = "University of Cape Town",
	lccn = "",
	publisher = "University of Cape Town",
	title = "{Mass Flow Measurements of Multi-Phase Mixtures by Means of \% Tomographic Techniques}",
	year = "2001"
}

@phdthesis{kotre,
	author = "Kotre, C.J.",
	school = "University of Newcastle-upon-Tyne",
	title = "{STUDIES OF IMAGE RECONSTRUCTION METHODS FOR ELECTRICAL IMPEDANCE TOMOGRAPHY }",
	year = "1993"
}

@article{tsoeu1,
	author = "Tsoeu, M.S. and Inggs, M.R.",
	doi = "10.1109/TBCAS.2015.2487321",
	issn = "1932-4545",
	journal = "Biomedical Circuits and Systems, IEEE Transactions on",
	keywords = "Electrodes; Frequency division multiplexing; Gold; Impedance; Tomography; Voltage measurement; Bio-impedance; biomedical imaging; code division multiplexing (CDM); current patterns; electrical impedance and diffuse optics reconstruction software (EIDORS); electrical impedance tomography (EIT); gold codes; imaging; reconstruction",
	number = "3",
	pages = "556--566",
	title = "{Fully Parallel Electrical Impedance Tomography Using Code Division Multiplexing}",
	volume = "10",
	year = "2015"
}

@book{kamen,
	author = "Kamen, E.W. and Heck, B.S.",
	booktitle = "{Fundamentals of Signals and Systems Using the Web and MATLAB}",
	location = "Upper Saddle River, New Jersey",
	publisher = "Prentice Hall",
	title = "{Fundamentals of Signals and Systems Using the Web and MATLAB}",
	year = "2000"
}
